@BOOKLET{Madsen2010,
  author = {Lars Madsen},
  title = {Introduktion til {LaTeX}},
  year = {2010},
  howpublished = {\url{http://www.imf.au.dk/system/latex/bog/}}
 }
 
@MISC{Oetiker2010,
  author = {Tobias Oetiker},
  title = {The Not So Short A Introduction to {LaTeX2e}},
  year = {2010},
  howpublished = {\url{http://tobi.oetiker.ch/lshort/lshort.pdf}}
 }
 
@BOOK{Mittelbach2005,
  author = {Frank Mittelbach},
  edition = {2. ed.},
  publisher = {Addison-Wesley},
  title = {The LATEX companion},
  year = 2005
}

@MISC{proxim,
  author = {Proxim Wireless},
  title = {Definition and Calculation of Fresnel Clearance Zone},
  year = {},
  howpublished = {\url{http://www.proxim.com/products/knowledge-center/calculations/calculations-fresnel-clearance-zone}}
 }

@MISC{eBee,
  author = {Sensefly},
  title = {The professional mapping drone, Fully autonomous drone to capture high-resolution aerial photos that can transform into accurate 2D orthomosaics \& 3D models.},
  year = {},
  howpublished = {\url{https://www.sensefly.com/drones/ebee.html}}
 }
